%% This BibTeX bibliography file was created using BibDesk.
%% https://bibdesk.sourceforge.io/

%% Created for Isa Alvarez at 2023-02-23 13:47:25 -0600 


%% Saved with string encoding Unicode (UTF-8) 



@webpage{cite-key,
	date-added = {2023-02-23 13:46:44 -0600},
	date-modified = {2023-02-23 13:46:54 -0600}}

@book{landemore2012collective,
	author = {Landemore, H{\'e}l{\`e}ne and Elster, Jon},
	publisher = {Cambridge University Press},
	title = {Collective wisdom: Principles and mechanisms},
	year = {2012}}

@incollection{elkins2019constitutional,
	author = {Elkins, Zachary and Hudson, Alexander},
	booktitle = {Comparative Constitution Making},
	pages = {142--164},
	publisher = {Edward Elgar Publishing},
	title = {The constitutional referendum in historical perspective},
	year = {2019}}

@article{cite-key,
	author = {H{\'e}l{\`e}ne Landemore},
	date-added = {2023-02-23 13:23:11 -0600},
	date-modified = {2023-02-23 13:24:34 -0600},
	journal = {Springer},
	title = {Deliberation, cognitive diversity, and democratic inclusiveness: an epistemic argument for the random selection of representatives},
	year = {2012}}

@incollection{cembrano2021proportional,
  title={Proportional apportionment: A case study from the Chilean Constitutional Convention},
  author={Cembrano, Javier and Correa, Jose and Diaz, Gonzalo and Verdugo, Victor},
  booktitle={Equity and Access in Algorithms, Mechanisms, and Optimization},
  pages={1--9},
  year={2021}
}

@article{atria2020constituent,
  title={Constituent moment, Constituted powers in Chile},
  author={Atria, Fernando},
  journal={Law and Critique},
  volume={31},
  pages={51--58},
  year={2020},
  publisher={Springer}
}

@manual{R-base,
	address = {Vienna, Austria},
	author = {{R Core Team}},
	organization = {R Foundation for Statistical Computing},
	title = {R: A Language and Environment for Statistical Computing},
	url = {https://www.R-project.org/},
	year = {2022},
	bdsk-url-1 = {https://www.R-project.org/}}

@manual{R-papaja,
	author = {Frederik Aust and Marius Barth},
	note = {R package version 0.1.1.9001},
	title = {{papaja}: {Prepare} reproducible {APA} journal articles with {R Markdown}},
	url = {https://github.com/crsh/papaja},
	year = {2022},
	bdsk-url-1 = {https://github.com/crsh/papaja}}

@manual{R-tinylabels,
	author = {Marius Barth},
	note = {R package version 0.2.3},
	title = {{tinylabels}: Lightweight Variable Labels},
	url = {https://cran.r-project.org/package=tinylabels},
	year = {2022},
	bdsk-url-1 = {https://cran.r-project.org/package=tinylabels}}

@manual{R-dplyr,
	author = {Hadley Wickham and Romain Fran{\c c}ois and Lionel Henry and Kirill M{\"u}ller and Davis Vaughan},
	note = {R package version 1.1.0},
	title = {dplyr: A Grammar of Data Manipulation},
	url = {https://CRAN.R-project.org/package=dplyr},
	year = {2023},
	bdsk-url-1 = {https://CRAN.R-project.org/package=dplyr}}

@manual{R-epiDisplay,
	author = {Virasakdi Chongsuvivatwong},
	note = {R package version 3.5.0.2},
	title = {epiDisplay: Epidemiological Data Display Package},
	url = {https://CRAN.R-project.org/package=epiDisplay},
	year = {2022},
	bdsk-url-1 = {https://CRAN.R-project.org/package=epiDisplay}}

@manual{R-forcats,
	author = {Hadley Wickham},
	note = {R package version 1.0.0},
	title = {forcats: Tools for Working with Categorical Variables (Factors)},
	url = {https://CRAN.R-project.org/package=forcats},
	year = {2023},
	bdsk-url-1 = {https://CRAN.R-project.org/package=forcats}}

@manual{R-foreign,
	author = {{R Core Team}},
	note = {R package version 0.8-84},
	title = {foreign: Read Data Stored by 'Minitab', 'S', 'SAS', 'SPSS', 'Stata', 'Systat', 'Weka', 'dBase', ...},
	url = {https://CRAN.R-project.org/package=foreign},
	year = {2022},
	bdsk-url-1 = {https://CRAN.R-project.org/package=foreign}}

@manual{R-freqtables,
	author = {Brad Cannell},
	note = {R package version 0.1.1},
	title = {freqtables: Make Quick Descriptive Tables for Categorical Variables},
	url = {https://CRAN.R-project.org/package=freqtables},
	year = {2022},
	bdsk-url-1 = {https://CRAN.R-project.org/package=freqtables}}

@book{R-ggplot2,
	author = {Hadley Wickham},
	isbn = {978-3-319-24277-4},
	publisher = {Springer-Verlag New York},
	title = {ggplot2: Elegant Graphics for Data Analysis},
	url = {https://ggplot2.tidyverse.org},
	year = {2016},
	bdsk-url-1 = {https://ggplot2.tidyverse.org}}

@book{R-knitr,
	address = {Boca Raton, Florida},
	author = {Yihui Xie},
	edition = {2nd},
	note = {ISBN 978-1498716963},
	publisher = {Chapman and Hall/CRC},
	title = {Dynamic Documents with {R} and knitr},
	url = {https://yihui.org/knitr/},
	year = {2015},
	bdsk-url-1 = {https://yihui.org/knitr/}}

@book{R-MASS,
	address = {New York},
	author = {W. N. Venables and B. D. Ripley},
	edition = {Fourth},
	note = {ISBN 0-387-95457-0},
	publisher = {Springer},
	title = {Modern Applied Statistics with S},
	url = {https://www.stats.ox.ac.uk/pub/MASS4/},
	year = {2002},
	bdsk-url-1 = {https://www.stats.ox.ac.uk/pub/MASS4/}}

@book{R-nnet,
	address = {New York},
	author = {W. N. Venables and B. D. Ripley},
	edition = {Fourth},
	note = {ISBN 0-387-95457-0},
	publisher = {Springer},
	title = {Modern Applied Statistics with S},
	url = {https://www.stats.ox.ac.uk/pub/MASS4/},
	year = {2002},
	bdsk-url-1 = {https://www.stats.ox.ac.uk/pub/MASS4/}}

@article{R-plyr,
	author = {Hadley Wickham},
	journal = {Journal of Statistical Software},
	number = {1},
	pages = {1--29},
	title = {The Split-Apply-Combine Strategy for Data Analysis},
	url = {https://www.jstatsoft.org/v40/i01/},
	volume = {40},
	year = {2011},
	bdsk-url-1 = {https://www.jstatsoft.org/v40/i01/}}

@manual{R-purrr,
	author = {Hadley Wickham and Lionel Henry},
	note = {R package version 1.0.1},
	title = {purrr: Functional Programming Tools},
	url = {https://CRAN.R-project.org/package=purrr},
	year = {2023},
	bdsk-url-1 = {https://CRAN.R-project.org/package=purrr}}

@manual{R-readr,
	author = {Hadley Wickham and Jim Hester and Jennifer Bryan},
	note = {R package version 2.1.4},
	title = {readr: Read Rectangular Text Data},
	url = {https://CRAN.R-project.org/package=readr},
	year = {2023},
	bdsk-url-1 = {https://CRAN.R-project.org/package=readr}}

@manual{R-readxl,
	author = {Hadley Wickham and Jennifer Bryan},
	note = {R package version 1.4.2},
	title = {readxl: Read Excel Files},
	url = {https://CRAN.R-project.org/package=readxl},
	year = {2023},
	bdsk-url-1 = {https://CRAN.R-project.org/package=readxl}}

@manual{R-stringr,
	author = {Hadley Wickham},
	note = {R package version 1.5.0},
	title = {stringr: Simple, Consistent Wrappers for Common String Operations},
	url = {https://CRAN.R-project.org/package=stringr},
	year = {2022},
	bdsk-url-1 = {https://CRAN.R-project.org/package=stringr}}

@book{R-survival-book,
	address = {New York},
	author = {{Terry M. Therneau} and {Patricia M. Grambsch}},
	isbn = {0-387-98784-3},
	publisher = {Springer},
	title = {Modeling Survival Data: Extending the {C}ox Model},
	year = {2000}}

@manual{R-tibble,
	author = {Kirill M{\"u}ller and Hadley Wickham},
	note = {R package version 3.1.8},
	title = {tibble: Simple Data Frames},
	url = {https://CRAN.R-project.org/package=tibble},
	year = {2022},
	bdsk-url-1 = {https://CRAN.R-project.org/package=tibble}}

@manual{R-tidyr,
	author = {Hadley Wickham and Davis Vaughan and Maximilian Girlich},
	note = {R package version 1.3.0},
	title = {tidyr: Tidy Messy Data},
	url = {https://CRAN.R-project.org/package=tidyr},
	year = {2023},
	bdsk-url-1 = {https://CRAN.R-project.org/package=tidyr}}

@article{R-tidyverse,
	author = {Hadley Wickham and Mara Averick and Jennifer Bryan and Winston Chang and Lucy D'Agostino McGowan and Romain Fran{\c c}ois and Garrett Grolemund and Alex Hayes and Lionel Henry and Jim Hester and Max Kuhn and Thomas Lin Pedersen and Evan Miller and Stephan Milton Bache and Kirill M{\"u}ller and Jeroen Ooms and David Robinson and Dana Paige Seidel and Vitalie Spinu and Kohske Takahashi and Davis Vaughan and Claus Wilke and Kara Woo and Hiroaki Yutani},
	doi = {10.21105/joss.01686},
	journal = {Journal of Open Source Software},
	number = {43},
	pages = {1686},
	title = {Welcome to the {tidyverse}},
	volume = {4},
	year = {2019},
	bdsk-url-1 = {https://doi.org/10.21105/joss.01686}}

@manual{R-kableExtra,
	author = {Hao Zhu},
	note = {R package version 1.3.4},
	title = {kableExtra: Construct Complex Table with 'kable' and Pipe Syntax},
	url = {https://CRAN.R-project.org/package=kableExtra},
	year = {2021},
	bdsk-url-1 = {https://CRAN.R-project.org/package=kableExtra}}
